@preamble{ "\newcommand{\www}[1]{Proc. of the #1 Intl. Conf. on World Wide Web}" }



@article{DBLP:journals/corr/abs-1907-03329,
  author    = {Andrew Redd and
               Kaung Khin and
               Aldo Marini},
  title     = {Fast {ES-RNN:} {A} {GPU} Implementation of the {ES-RNN} Algorithm},
  journal   = {CoRR},
  volume    = {abs/1907.03329},
  year      = {2019},
  url       = {http://arxiv.org/abs/1907.03329},
  archivePrefix = {arXiv},
  biburl    = {https://dblp.org/rec/bib/journals/corr/abs-1907-03329},
  bibsource = {dblp computer science bibliography, https://dblp.org}
}
@article{DBLP:journals/corr/abs-1905-10437,
  author    = {Boris N. Oreshkin and
               Dmitri Carpov and
               Nicolas Chapados and
               Yoshua Bengio},
  title     = {{N-BEATS:} Neural basis expansion analysis for interpretable time
               series forecasting},
  journal   = {CoRR},
  volume    = {abs/1905.10437},
  year      = {2019},
  url       = {http://arxiv.org/abs/1905.10437},
  archivePrefix = {arXiv},
  biburl    = {https://dblp.org/rec/bib/journals/corr/abs-1905-10437},
  bibsource = {dblp computer science bibliography, https://dblp.org}
}
@article{pinballloss,
  title={Estimating conditional quantiles with the help of the pinball loss},
  author={Ingo Steinwart, Andreas Christmann},
  journal={arXiv:1102.2101},
  year={2011}
}
@article{DBLP:journals/corr/abs-1710-02224,
  author    = {Shiyu Chang and
               Yang Zhang and
               Wei Han and
               Mo Yu and
               Xiaoxiao Guo and
               Wei Tan and
               Xiaodong Cui and
               Michael J. Witbrock and
               Mark Hasegawa{-}Johnson and
               Thomas S. Huang},
  title     = {Dilated Recurrent Neural Networks},
  journal   = {CoRR},
  volume    = {abs/1710.02224},
  year      = {2017},
  url       = {http://arxiv.org/abs/1710.02224},
  archivePrefix = {arXiv},
  biburl    = {https://dblp.org/rec/bib/journals/corr/abs-1710-02224},
  bibsource = {dblp computer science bibliography, https://dblp.org}
}